@InProceedings{maas-EtAl:2011:ACL-HLT2011,
  author    = {Maas, Andrew L. and Daly, Raymond E. and Pham, Peter T. and Huang, Dan and Ng, Andrew Y. and  Potts, Christopher},
  title     = {Learning Word Vectors for Sentiment Analysis},
  booktitle = {Proceedings of the 49th Annual Meeting of the Association for Computational Linguistics: Human Language Technologies},
  month     = {06},
  year      = {2011},
  address   = {Portland, Oregon, USA},
  publisher = {Association for Computational Linguistics},
  pages     = {142--150},
  url       = {http://www.aclweb.org/anthology/P11-1015}
}

@online{paperTRTC,
  author = "Harish BS, GURU DS, Manjunath S",
  title = "Representation and Classification of Text Documents: A
Brief Review",
  url = "https://www.researchgate.net/profile/B-S-Harish/publication/203792828_A_review_on_classification_of_text_documents/links/59081c7ea6fdccd580dd0b45/A-review-on-classification-of-text-documents.pdf"
}

@online{IMDB,
  author = "IMDb.com, Inc.",
  title = "IMDB.com",
  url = "https://www.imdb.com/"
}

@online{SVM,
  author = "scikit-learn",
  title = "Support Vector Machines",
  url = "https://scikit-learn.org/stable/modules/svm.html"
}

@online{SVM2,
  author = "MathWorks",
  title = "Support Vector Machines for Binary Classification",
  url = "https://www.mathworks.com/help/stats/support-vector-machines-for-binary-classification.html"
}

@online{MLP,
  author = "S. Abirami, P. Chitra",
  title = "Multi layer perceptron",
  url = "https://www.sciencedirect.com/topics/computer-science/multilayer-perceptron"
}

@online{LR,
  author = "Nisha Arya",
  title = "Logistic Regression Classification",
  url = "https://www.kdnuggets.com/2022/04/logistic-regression-classification.html"
}

@online{textClustering,
  author = "Devopedia",
  title = "Text Clustering",
  url = "https://devopedia.org/text-clustering"
}

@online{DBSCAN,
  author = "Christian Versloot",
  title = "Performing DBSCAN clustering with python and scikit-learn",
  url = "https://github.com/christianversloot/machine-learning-articles/blob/main/performing-dbscan-clustering-with-python-and-scikit-learn.md"
}