@InProceedings{maas-EtAl:2011:ACL-HLT2011,
  author    = {Maas, Andrew L.  and  Daly, Raymond E.  and  Pham, Peter T.  and  Huang, Dan  and  Ng, Andrew Y.  and  Potts, Christopher},
  title     = {Learning Word Vectors for Sentiment Analysis},
  booktitle = {Proceedings of the 49th Annual Meeting of the Association for Computational Linguistics: Human Language Technologies},
  month     = {June},
  year      = {2011},
  address   = {Portland, Oregon, USA},
  publisher = {Association for Computational Linguistics},
  pages     = {142--150},
  url       = {http://www.aclweb.org/anthology/P11-1015}
}

@online{paperTRTC,
  author = "Harish BS, GURU DS, Manjunath S",
  title = "Representation and Classification of Text Documents: A
Brief Review",
  url = "https://www.researchgate.net/profile/B-S-Harish/publication/203792828_A_review_on_classification_of_text_documents/links/59081c7ea6fdccd580dd0b45/A-review-on-classification-of-text-documents.pdf",
}